@inproceedings {
  L_Yaglom:1949,
  title = {Проективные мероопределения на плоскости и комплексные числа},
  author = {Яглом, Исаак Моисеевич},
  booktitle = {Труды семинара по векторному и тензорному анализу с их приложениями к геометрии, механике и физике},
  editor = {Каган, В. Ф.},
  publisher = {Государственное издательство технико-теоретической литературы},
  year = {1949},
  volume = {7},
  pages = {387},
  language = {russian},
  langid = {russian}
}

@book{
  L_Yaglom:1963,
  author    = {Яглом, Исаак Моисеевич},
  editor    = {Горяча, М. М. and Морозова, И. Е.},
  title     = {Комплексные числа и их применение в геометрии},
  publisher = {Физматгиз},
  pagenum = {192},
  year      = {1963},
  language = {russian},
  langid = {russian}
}