% Основная, наиболее полезная книга, том 1
@book{Lengyel:GameEngine:v1:2016,
  maintitle = {Foundations of Game Engine Development},
  title     = {Mathematics},
  author    = {Lengyel, Eric},
  pagetotal = {195},
  publisher = {Terathon Software LLC},
  location  = {Lincoln, California},
  date      = {2016},
  volume    = {1},
  isbn      = {9780985811747},
  url       = {http://foundationsofgameenginedev.com},
  language  = {english},
  langid    = {english},
  volumes   = {4},
}

@book{Dimentberg:1965,
  label     = {Dimentberg:1965},
  title     = {Винтовое исчисление и его приложение в механике},
  author    = {Диментберг, Федор Менасьевич},
  pagetotal = {200},
  publisher = {Издательство <<Наука>> главная редакция физико-математической литературы},
  location  = {Москва},
  date      = {1965},
  editor    = {Антонов, И. Л.},
  language  = {russian},
  langid    = {russian},
}

@book{Kotelnikov:2019,
  label     = {Kotelnikov:2019},
  title     = {Винтовое счисление и некоторые приложения его к геометрии и механике},
  author    = {Котельников, Александр Петрович},
  pagetotal = {222},
  publisher = {КомКнига},
  location  = {Москва},
  date      = {2019},
  isbn = {9785484014774},
  language  = {russian},
  langid    = {russian},
}

@book{Goldman2024,
  title     = {Dual Quaternions and Their Associated Clifford Algebras},
  author    = {Goldman, Ron},
  pagetotal = {279},
  publisher = {CRC Press Taylor \& Francis Group},
  location  = {Boca Raton, London, New York},
  date      = {2024},
  isbn      = {9781032502977},
  language  = {english},
  langid    = {english},
}

@book{KleinHoherGeometrie,
  title     = {Высшая геометрия},
  origtitle = {Vorlesungen Über Höhere Geometrie},
  author    = {Клейн, Феликс},
  origauthor = {Klein, Felix},
  pagetotal = {400},
  publisher = {Книжный дом «ЛИБРОКОМ»},
  location  = {Москва},
  date      = {2009},
  translator = {Брушлинский, Н. К.},
  editor    = {Бляшке, В},
  edition = {3},
  isbn = {9785397001069},
  language  = {russian},
  langid    = {russian},
  origlanguage = {german},
}

% Вразщения, кватернионы и бикватернионы
@book{Chelnokov:2006,
  label     = {Chelnokov:2006},
  title     = {Кватернионные и бикватернионные модели и методы механики твердого тела и их приложения. Геометрия и кинематика движения},
  author    = {Челноков, Юрий Николаевич},
  pagetotal = {512},
  publisher = {ФИЗМАТЛИТ},
  location  = {Москва},
  date      = {2006},
  editor    = {Легостаева, И. Л.},
  isbn      = {5922106805},
  language  = {russian},
  langid    = {russian},
}