% Алгебра
@book{Kostrikin:2009:01,
  maintitle = {Введение в алгебру},
  title     = {Основы алгебры},
  author    = {Кострикин, Алексей Иванович},
  pagetotal = {368},
  publisher = {МЦНМО},
  location  = {Москва},
  date      = {2009},
  volume    = {1},
  isbn      = {9785940574538},
  language  = {russian},
  langid    = {russian},
  volumes   = {3},
}



@book{Kostrikin:2009:02,
  maintitle = {Введение в алгебру},
  title     = {Линейная алгебра},
  author    = {Кострикин, Алексей Иванович},
  pagetotal = {368},
  publisher = {МЦНМО},
  location  = {Москва},
  date      = {2009},
  volume    = {2},
  isbn      = {9785940574545},
  language  = {russian},
  langid    = {russian},
  volumes   = {3},
}

@book{Kostrikin:2009:03,
  maintitle = {Введение в алгебру},
  title     = {Основные структуры алгебры},
  author    = {Кострикин, Алексей Иванович},
  pagetotal = {272},
  publisher = {МЦНМО},
  location  = {Москва},
  date      = {2009},
  volume    = {3},
  isbn      = {9785940574552},
  language  = {russian},
  langid    = {russian},
  volumes   = {3},
}

@book{Kostrikin:zadachi:2009,
  title     = {Сборник задач по линейной алгебре},
  author    = {Аржанцев, И. В. and Артамонов, В. А. and Бахтурин, Ю. А. and Винберг, Э. Б. and Голод, Е. С. and Гутерман, А. Э. and Зобнин, А. И. and Исковских, В. А. and Кострикин, А. И. and Латышев, В. Н. and Михалев, А. В. and Мишина, А. П. and Ольшанский, А. Ю. and Панчишкин, А. А. and Проскуряков, И. В. and Рудаков, А. Н. and Скорняков, Л. А. and Шмелькин, А. Л.},
  pagetotal = {408},
  publisher = {МЦНМО},
  location  = {Москва},
  date      = {2009},
  editor    = {Кострикин, А. И.},
  isbn      = {9785940574132},
  language  = {russian},
  langid    = {russian},
}

% Аналитическая геометрия
@book{Fedorchuk1990,
  title     = {Курс аналитической геометрии и линейной алгебры},
  author    = {Федорчук, Виталий Витальевич},
  pagetotal = {328},
  publisher = {Издательство Московского университета},
  location  = {Москва},
  date      = {1990},
  editor    = {Николова, Л. А.},
  isbn      = {521100941X},
  language  = {russian},
  langid    = {russian},
}

@book{IlinPosdniak1981,
  title     = {Аналитическая геометрия},
  author    = {Ильин, Владимир Александрович and Поздняк, Эдуард Генрихович},
  pagetotal = {232},
  publisher = {Наука},
  location  = {Москва},
  date      = {1981},
  editor    = {Широкова, С. А.},
  language  = {russian},
  langid    = {russian},
  series    = {Курс высшей математики и математической физики},
}


@book{Zulanke:01:2004,
  maintitle = {Алгебра и геометрия},
  title     = {Введение},
  author    = {Зуланке, Р. and Онищик, А. Л.},
  pagetotal = {408},
  publisher = {МЦНМО},
  location  = {Москва},
  date      = {2004},
  volume    = {1},
  isbn      = {594057033X},
  language  = {russian},
  langid    = {russian},
  volumes   = {3},
}

@book{Prasolov:2019,
  title     = {Геометрия},
  author    = {Прасолов, В. В. and Тихомиров, В. М.},
  pagetotal = {336},
  publisher = {МЦНМО},
  location  = {Москва},
  date      = {2019},
  isbn      = {9785443914404},
  language  = {russian},
  langid    = {russian},
}

@book{Ponarin:2009,
  title     = {Аффинная и проективная геометрия},
  author    = {Понарин, Я. П.},
  pagetotal = {288},
  publisher = {МЦНМО},
  location  = {Москва},
  date      = {2019},
  isbn      = {9785940574019},
  language  = {russian},
  langid    = {russian},
}

@article{Rosov:1999,
  title     = {Феликс Клейн и его эрлангенская программа},
  author    = {Розов, Н. Х},
  pages     = {49-55},
  publisher = {МЦНМО},
  location  = {Москва},
  date      = {2019},
  volume    = {3},
  issue     = {3},
  language  = {russian},
  langid    = {russian},
  journal   = {Математическое просвещение},
}

@article{PhysRevLett.81.4545,
  title     = {Observation of Quasicondensate in Two-Dimensional Atomic Hydrogen},
  author    = {Safonov, A. I. and Vasilyev, S. A. and Yasnikov, I. S. and Lukashevich, I. I. and Jaakkola, S.},
  pages     = {4545--4548},
  publisher = {American Physical Society},
  volume    = {81},
  issue     = {21},
  doi       = {10.1103/PhysRevLett.81.4545},
  url       = {https://link.aps.org/doi/10.1103/PhysRevLett.81.4545},
  journal   = {Phys. Rev. Lett.},
  month     = {Nov},
  numpages  = {0},
  year      = {1998},
}



@book{Casanova1976,
  title        = {Векторная алгебра},
  author       = {Казанова, Гастон},
  pagetotal    = {120},
  publisher    = {Мир},
  translator   = {Булинский, А. В.},
  location     = {Москва},
  date         = {1979},
  editor       = {Поливанов, М. К.},
  language     = {russian},
  langid       = {russian},
  origlanguage = {french},
  series       = {Современная математика},
}
